@article{bngl,
  author =       {Harris,Leonard A. and Hogg, Justin S. and Tapia,
                  José-Juan and Sekar, John A. P. and Gupta, Sanjana
                  and Korsunsky, Ilya and Arora, Arshi and Barua,
                  Dipak and Sheehan, Robert P. and Faeder, James R.},
  journal =      {Bioinformatics},
  number =       {21},
  pages =        {3366–-3368},
  title =        {{BioNetGen 2.2: Advances in rule-based modeling}},
  volume =       {32},
  year =         {2016}
}

@article{gillespie1977exact,
  title =        {Exact stochastic simulation of coupled chemical
                  reactions},
  author =       {Gillespie, Daniel T},
  journal =      {The journal of physical chemistry},
  volume =       {81},
  number =       {25},
  pages =        {2340--2361},
  year =         {1977},
  publisher =    {ACS Publications}
}



@inproceedings{DanosEtAl-CONCUR07,
  address =      {Lisbon, Portugal},
  author =       {Danos, V.  and Feret, J.  and Fontana, W.  and
                  Harmer, R.  and Krivine, J. },
  booktitle =    {Proceedings of the Eighteenth International
                  Conference on Concurrency Theory, CONCUR 2007,
                  Lisbon, Portugal},
  pages =        {17--41},
  series =       {Lecture Notes in Computer Science},
  title =        {{Rule-Based Modelling of Cellular Signalling,
                  invited paper}},
  volume =       {4703},
  year =         {2007}
}
@inproceedings{DanosEtAl-APLAS07,
  address =      {Singapore},
  author =       {Danos, V.  and Feret, J.  and Fontana, W.  and
                  Krivine, J. },
  booktitle =    {Proceedings of the Fifth Asian Symposium on
                  Programming Systems, APLAS 2007, Singapore},
  pages =        {139--157},
  series =       {Lecture Notes in Computer Science},
  title =        {{Scalable Simulation of Cellular Signaling Networks,
                  invited paper}},
  volume =       {4807},
  year =         {2007}
}
@inproceedings{DBLP:conf/fsttcs/DanosFFHH12,
  author =       {Danos, Vincent and Feret, J{\'{e}}r{\^{o}}me and
                  Fontana, Walter and Harmer, Russell and Hayman,
                  Jonathan and Krivine, Jean and Thompson-Walsh,
                  Christopher D and Winskel, Glynn},
  booktitle =    {IARCS Annual Conference on Foundations of Software
                  Technology and Theoretical Computer Science, FSTTCS
                  2012},
  pages =        {276--288},
  title =        {{Graphs, Rewriting and Pathway Reconstruction for
                  Rule-Based Models}},
  volume =       {18},
  year =         {2012}
}
@inproceedings{BoutillierEK17,
  author =       {Boutillier, Pierre and Ehrhard, Thomas and Krivine,
                  Jean},
  title =        {Incremental Update for Graph Rewriting},
  booktitle =    {Programming Languages and Systems - 26th European
                  Symposium on Programming, {ESOP} 2017},
  pages =        {201--228},
  year =         {2017},
}